@ONLINE{1:Online,
title={¿Que son los hilos de un procesador?.},
url={https://www.fing.edu.uy/tecnoinf/mvd/cursos/so/material/teo/so05-hilos.pdf},
urldate={2020-07-14}
}
@ONLINE{2:Online,
title={Qué son los hilos de un procesador ? Diferencias con los núcleos.},
url={https://www.profesionalreview.com/2019/04/03/que-son-los-hilos-de-un-procesador/},
urldate={2020-07-14}
}
@ONLINE{3:Online,
title={Hilo (informática) - Thread (computing) - qwe.wiki.},
url={https://es.qwe.wiki/wiki/Thread_(computing)},
urldate={2020-07-14}
}
@ONLINE{4:Online,
title={SOBUNIX: implementación y control de procesos multihilos – aprende y programa.},
url={https://aprendeyprogramablog.wordpress.com/2017/11/07/sobunix-implementacion-y-control-de-procesos-multihilos/},
urldate={2020-07-14}
}
@ONLINE{5:Online,
title={Usos mas comunes de los hilos | sistemasoper2.},
url={https://sistemasoper2.wordpress.com/2014/10/21/usos-mas-comunes-de-los-hilos/},
urldate={2020-07-14}
}
@ONLINE{6:Online,
title={11.2. Hilos.},
url={http://www.it.uc3m.es/pbasanta/asng/course_notes/c_threads_functions_es.html},
urldate={2020-07-14}
}